<record><leader>00000cas a22000007a 4500</leader><controlfield tag="001">20301837</controlfield><controlfield tag="008">890905d18801882nduwr ne      0    0eng d</controlfield><datafield ind1=" " ind2=" " tag="010"><subfield code="a">sn 89074268 </subfield></datafield><datafield ind1=" " ind2=" " tag="040"><subfield code="a">NOP</subfield><subfield code="b">eng</subfield><subfield code="c">NOP</subfield><subfield code="d">OCLCQ</subfield></datafield><datafield ind1=" " ind2=" " tag="042"><subfield code="a">msc</subfield></datafield><datafield ind1="0" ind2="4" tag="245"><subfield code="a">The Valley City times.</subfield></datafield><datafield ind1=" " ind2=" " tag="260"><subfield code="a">Valley City, Barnes County, Dakota [N.D.] :</subfield><subfield code="b">C.M. Greene &amp; Co.</subfield></datafield><datafield ind1=" " ind2=" " tag="300"><subfield code="a">2 v. :</subfield><subfield code="b">ill. ;</subfield><subfield code="c">58-64 cm.</subfield></datafield><datafield ind1=" " ind2=" " tag="310"><subfield code="a">Weekly</subfield></datafield><datafield ind1="0" ind2=" " tag="362"><subfield code="a">Vol. 2, no. 27 (Dec. 9, 1880)-v. 4, no. 26 (Nov. 30, 1882).</subfield></datafield><datafield ind1=" " ind2=" " tag="500"><subfield code="a">"Official Paper of Barnes County and this Sub-Land District", 1880-1882.</subfield></datafield><datafield ind1=" " ind2=" " tag="530"><subfield code="a">Available on microfilm from the State Historical Society of North Dakota.</subfield></datafield><datafield ind1=" " ind2=" " tag="580"><subfield code="a">Includes section: Tower City bulletin, 1880-1881.</subfield></datafield><datafield ind1="0" ind2=" " tag="730"><subfield code="a">Tower City bulletin.</subfield></datafield><datafield ind1=" " ind2=" " tag="752"><subfield code="a">United States</subfield><subfield code="b">North Dakota</subfield><subfield code="c">Barnes</subfield><subfield code="d">Valley City.</subfield></datafield><datafield ind1="0" ind2=" " tag="775"><subfield code="t">Valley City daily times</subfield><subfield code="w">(DLC)sn 89074275</subfield></datafield><datafield ind1="0" ind2="0" tag="780"><subfield code="t">Northern pacific times</subfield><subfield code="w">(DLC)sn 89074267</subfield></datafield><datafield ind1="0" ind2="0" tag="785"><subfield code="t">Valley City weekly times</subfield><subfield code="w">(DLC)sn 89074269</subfield></datafield><datafield ind1="1" ind2=" " tag="029"><subfield code="a">AU@</subfield><subfield code="b">000025873435</subfield></datafield></record>